@article{mnih2015human,
  title={Human-level control through deep reinforcement learning},
  author={Mnih, Volodymyr and Kavukcuoglu, Koray and Silver, David and Rusu, Andrei A and Veness, Joel and Bellemare, Marc G and Graves, Alex and Riedmiller, Martin and Fidjeland, Andreas K and Ostrovski, Georg and others},
  journal={Nature},
  volume={518},
  number={7540},
  pages={529--533},
  year={2015},
  publisher={Nature Publishing Group}
}
@article{rathmanner2011philosophical,
  title={A philosophical treatise of universal induction},
  author={Rathmanner, Samuel and Hutter, Marcus},
  journal={Entropy},
  volume={13},
  number={6},
  pages={1076--1136},
  year={2011},
  publisher={Molecular Diversity Preservation International}
}
@phdthesis{legg2008machine,
  title={Machine super intelligence},
  author={Legg, Shane},
  year={2008},
  school={University of Lugano}
}
@article{legg2007universal,
  title={Universal intelligence: A definition of machine intelligence},
  author={Legg, Shane and Hutter, Marcus},
  journal={Minds and Machines},
  volume={17},
  number={4},
  pages={391--444},
  year={2007},
  publisher={Springer}
}